@dataset{gaudio_2025_precourse_v1_0,
  author    = {Lorraine Gaudio},
  year      = {2025},
  title     = {Boise State Intro to R Pre-Course Survey (demo)},
  version   = {1.0},
  howpublished = {Data set},
  publisher = {Boise State University},
  url       = {<URL-or-DOI>},
  license   = {CC-BY-4.0}
}