@book{baehr2022deep,
  title={Deep in thought: A practical guide to teaching for intellectual virtues},
  author={Baehr, Jason},
  year={2022},
  publisher={Harvard Education Press}
}

